@article{chen2020reviewofunmanned,
  title = {Review of {{Unmanned Aerial Vehicle Swarm Communication Architectures}} and {{Routing Protocols}}},
  author = {Chen, Xi and Tang, Jun and Lao, Songyang},
  year = {2020},
  journal = {Applied Sciences},
  volume = {10},
  number = {10},
  keywords = {/unread},
  annotation = {南农核心期: 无 南农高质量期刊: 无}
}

@article{gautam2022acooperativegame,
  title = {A Cooperative Game Theory-Based Approach to Formulation of Distributed Slack Buses},
  author = {Gautam, Mukesh and Bhusal, Narayan and Thapa, Jitendra and Benidris, Mohammed},
  year = {2022},
  journal = {Sustainable Energy, Grids and Networks},
  volume = {32},
  pages = {100890},
  urldate = {2023-01-15},
  langid = {english},
  keywords = {/unread}
}

@article{kim2010csmacdwithreservations,
  title = {{{CSMA}}/{{CD}} with Reservations in Wireless Communication for Distributed Robot System},
  author = {Kim, Dong Han and Ko, Kuk Won and Park, Chongkug},
  year = {2010},
  journal = {International Journal of Control, Automation and Systems},
  volume = {8},
  number = {3},
  pages = {583--596},
  urldate = {2023-01-10},
  langid = {english},
  keywords = {/unread},
  annotation = {JCR分区: Q2 中科院分区升级版: 计算机科学3区 影响因子: 2.96 5年影响因子: 2.666 EI: 是 南农核心期: 无 南农高质量期刊: 无 titleTranslation: CMSA}
}

@article{ko2007routingconsideringchannel,
  title = {{Routing considering Channel Contention in Wireless Communication Networks with Multiple Radios and Multiple Channels}},
  author = {{ko}, sungwon and HAN, KIM YOUNG and 강민수 and 강남희},
  year = {2007},
  journal = {TeleCommunication},
  volume = {44},
  number = {5},
  pages = {6--15},
  publisher = {{The Institute of Electronics and Information Engineers}},
  langid = {korean-han},
  keywords = {/unread},
  annotation = {KJD:ART001213610}
}

@article{lee2017networkimplementationfor,
  title = {{Network Implementation for Position Control of Intelligent Traffic Cones}},
  author = {Lee, Hyunseon and Jung, Seul},
  year = {2017},
  journal = {Journal of Institute of Control, Robotics and Systems},
  volume = {23},
  number = {5},
  pages = {394--402},
  publisher = {{Institute of Control, Robotics and Systems}},
  langid = {korean-han},
  keywords = {/unread},
  annotation = {KJD:ART002221711}
}

@article{li2017areviewof,
  title = {A Review of Industrial Wireless Networks in the Context of {{Industry}} 4.0},
  author = {Li, Xiaomin and Li, Di and Wan, Jiafu and Vasilakos, Athanasios V. and Lai, Chin-Feng and Wang, Shiyong},
  year = {2017},
  journal = {Wireless Networks},
  volume = {23},
  number = {1},
  pages = {23--41},
  urldate = {2023-01-15},
  langid = {english},
  lccn = {4},
  keywords = {/unread}
}

@article{liangzhixun2020jiyumqtt,
  title = {{{基于MQTT协议的智慧农业大棚测控系统研究}}},
  author = {梁志勋 and 施运应 and 覃有燎 and 王之兴},
  year = {2020},
  journal = {北方园艺},
  number = {23},
  pages = {161--171},
  isbn = {1001-0009},
  lccn = {23-1247/S},
  keywords = {/unread},
  annotation = {rate: 0}
}

@article{luguojun2019jiyumqtt,
  type = {10.16667/j.Issn.2095-1302.2019.12.014},
  title = {{{基于MQTT网关连接PLC与阿里云物联网平台的工业物联网系统}}},
  author = {陆国君 and 金勤芳 and 张慧丽},
  year = {2019},
  journal = {物联网技术},
  volume = {9},
  number = {12},
  pages = {58-60+63},
  isbn = {2095-1302},
  lccn = {61-1483/TP},
  keywords = {/unread}
}

@article{mazhiyan2022ganzhelian,
  type = {{10.13733/j.jcam.issn.2095-5553.2022.11.020}},
  title = {{甘蔗联合收割机作业远程信息平台设计与实现}},
  author = {马志艳 and 李江华 and 章霞东 and 莫建霖},
  year = {2022},
  journal = {中国农机化学报},
  volume = {43},
  number = {11},
  pages = {139--145},
  isbn = {2095-5553},
  langid = {chinese},
  lccn = {32-1837/S},
  keywords = {/unread},
  annotation = {titleTranslation:}
}

@article{park2022alearningbaseddistributed,
  title = {A Learning-Based Distributed Algorithm for Scheduling in Multi-Hop Wireless Networks},
  author = {Park, Daehyun and Kang, Sunjung and Joo, Changhee},
  year = {2022},
  journal = {Journal of Communications and Networks},
  volume = {24},
  number = {1},
  pages = {99--110},
  publisher = {{Korean Inst Communications Sciences (k I C S)}},
  address = {{Seoul}},
  langid = {english},
  lccn = {3},
  keywords = {/unread},
  annotation = {WOS:000744090500001}
}

@article{sarr2019automaticanddynamic,
  title = {Automatic and Dynamic Network Establishment for Linear {{WSNs}}},
  author = {Sarr, Moussa Dethie and Delobel, Fran{\c c}ois and Misson, Michel and Niang, Ibrahima},
  year = {2019},
  journal = {Wireless Networks},
  volume = {25},
  number = {2},
  pages = {889--902},
  urldate = {2023-01-10},
  langid = {english},
  lccn = {4},
  keywords = {/unread},
  annotation = {rate: 0}
}

@article{shen2022uavenableddatacollection,
  title = {{{UAV-Enabled Data Collection Over Clustered Machine-Type Communication Networks}}: {{AEM Modeling}} and {{Trajectory Planning}}},
  author = {Shen, Lingfeng and Wang, Ning and Zhu, Zhengyu and Xu, Wei and Li, Yue and Mu, Xiaomin and Cai, Lin},
  year = {2022},
  journal = {Ieee Transactions on Vehicular Technology},
  volume = {71},
  number = {9},
  pages = {10016--10032},
  publisher = {{Ieee-Inst Electrical Electronics Engineers Inc}},
  address = {{Piscataway}},
  langid = {english},
  lccn = {2},
  keywords = {/unread},
  annotation = {WOS:000854658600071}
}

@article{song2020randomnetworkcoding,
  title = {Random {{Network Coding Enabled Routing Protocol}} in {{Unmanned Aerial Vehicle Networks}}},
  author = {Song, Hao and Liu, Lingjia and Pudlewski, Scott M. and Bentley, Elizabeth Serena},
  year = {2020},
  journal = {Ieee Transactions on Wireless Communications},
  volume = {19},
  number = {12},
  pages = {8382--8395},
  publisher = {{Ieee-Inst Electrical Electronics Engineers Inc}},
  address = {{Piscataway}},
  langid = {english},
  lccn = {1},
  keywords = {/unread},
  annotation = {WOS:000597156900033}
}

@article{songqi2020huaweiharmonyos,
  title = {{{华为HarmonyOS}} 2.0不一样的体验},
  author = {宋奇},
  year = {2020},
  journal = {计算机与网络},
  volume = {46},
  number = {18},
  pages = {72},
  isbn = {1008-1739},
  lccn = {13-1223/TN},
  keywords = {/unread},
  annotation = {rate: 0}
}

@article{wangjianrong2022jiyuplc,
  type = {10.14016/j.Cnki.1001-9227.2022.07.104},
  title = {{{基于PLC的工业物联网云平台研究与设计}}},
  author = {王建荣 and 陈斌},
  year = {2022},
  journal = {自动化与仪器仪表},
  number = {07},
  pages = {104--107},
  isbn = {1001-9227},
  lccn = {50-1066/TP},
  keywords = {/unread}
}

@article{wangzhenhua2021yizhongmodbus,
  type = {10.19353/j.Cnki.Dzsj.2021.19.062},
  title = {{{一种MODBUS转MQTT协议云网关的设计与实现}}},
  author = {王振华 and 刘福祥 and 沈甦},
  year = {2021},
  journal = {电子世界},
  number = {19},
  pages = {160--161},
  isbn = {1003-0522},
  lccn = {11-2086/TN},
  keywords = {/unread}
}

@article{yuhaifei2019jiyumqtt,
  type = {10.19652/j.Cnki.Femt.1901629},
  title = {{{基于MQTT的多协议物联网网关设计与实现}}},
  author = {于海飞 and 张爱军},
  year = {2019},
  journal = {国外电子测量技术},
  volume = {38},
  number = {11},
  pages = {45--51},
  isbn = {1002-8978},
  lccn = {11-2268/TN},
  keywords = {/unread}
}

@article{yuqingyuan2016gaosugong,
  title = {高速公路交通事故救援中二次追尾事故成因及预防措施研究},
  author = {余青原},
  year = {2016},
  journal = {消防技术与产品信息},
  volume = {No.341},
  number = {05},
  pages = {40-43+35},
  isbn = {1002-784X},
  lccn = {11-2628/TU},
  keywords = {/unread}
}

@article{zhaofei2021jiyujiao,
  type = {10.15996/j.Cnki.Bfjt.2021.11.021},
  title = {基于交通事故数据的高速公路隧道路段安全性分析},
  author = {赵飞 and 李洋洋 and 韩晖},
  year = {2021},
  journal = {北方交通},
  number = {11},
  pages = {83--86},
  isbn = {1673-6052},
  lccn = {21-1536/U}
}

@article{zhaoxiaohuagaosugong,
  type = {10.13229/j.Cnki.Jdxbgxb20221036},
  title = {高速公路交通事故影响因素及异质性分析},
  author = {赵晓华 and 刘畅 and 亓航 and 欧居尚 and 姚莹 and 郭淼 and 杨海益},
  journal = {吉林大学学报(工学版)},
  pages = {1--10},
  isbn = {1671-5497},
  lccn = {22-1341/T},
  keywords = {/unread}
}

@article{zhouxingze2022jiyushu,
  title = {基于数字孪生的物联网工业运维系统},
  author = {周兴泽 and 刘松 and 孙浩 and 师好智 and 李依霏 and 王瑞 and 李一凡},
  year = {2022},
  journal = {工业控制计算机},
  volume = {35},
  number = {05},
  pages = {115-116+118},
  isbn = {1001-182X},
  lccn = {32-1764/TP},
  keywords = {/unread},
  annotation = {titleTranslation: Internet of Things Industrial Operation and Maintenance System Based on Digital Twins}
}
